@article{hinton2015distilling,
  title={Distilling the knowledge in a neural network},
  author={Hinton, Geoffrey and Vinyals, Oriol and Dean, Jeff},
  journal={arXiv preprint arXiv:1503.02531},
  year={2015}
}

@article{ba2014deep,
  title={Do deep nets really need to be deep?},
  author={Ba, Jimmy and Caruana, Rich},
  journal={Advances in neural information processing systems},
  volume={27},
  year={2014}
}

@inproceedings{cazenavette2022dataset,
  title={Dataset distillation by matching training trajectories},
  author={Cazenavette, George and Wang, Tongzhou and Torralba, Antonio and Efros, Alexei A and Zhu, Jun-Yan},
  booktitle={Proceedings of the IEEE/CVF Conference on Computer Vision and Pattern Recognition},
  pages={4750--4759},
  year={2022}
}

@article{wang2018dataset,
  title={Dataset distillation},
  author={Wang, Tongzhou and Zhu, Jun-Yan and Torralba, Antonio and Efros, Alexei A},
  journal={arXiv preprint arXiv:1811.10959},
  year={2018}
}

@inproceedings{such2020generative,
  title={Generative teaching networks: Accelerating neural architecture search by learning to generate synthetic training data},
  author={Such, Felipe Petroski and Rawal, Aditya and Lehman, Joel and Stanley, Kenneth and Clune, Jeffrey},
  booktitle={International Conference on Machine Learning},
  pages={9206--9216},
  year={2020},
  organization={PMLR}
}

@inproceedings{lorraine2020optimizing,
  title={Optimizing millions of hyperparameters by implicit differentiation},
  author={Lorraine, Jonathan and Vicol, Paul and Duvenaud, David},
  booktitle={International Conference on Artificial Intelligence and Statistics},
  pages={1540--1552},
  year={2020},
  organization={PMLR}
}

@article{zhao2020dataset,
  title={Dataset condensation with gradient matching},
  author={Zhao, Bo and Mopuri, Konda Reddy and Bilen, Hakan},
  journal={arXiv preprint arXiv:2006.05929},
  year={2020}
}
@article{romero2014fitnets,
  title={Fitnets: Hints for thin deep nets},
  author={Romero, Adriana and Ballas, Nicolas and Kahou, Samira Ebrahimi and Chassang, Antoine and Gatta, Carlo and Bengio, Yoshua},
  journal={arXiv preprint arXiv:1412.6550},
  year={2014}
}

@inproceedings{chung2020feature,
  title={Feature-map-level online adversarial knowledge distillation},
  author={Chung, Inseop and Park, SeongUk and Kim, Jangho and Kwak, Nojun},
  booktitle={International Conference on Machine Learning},
  pages={2006--2015},
  year={2020},
  organization={PMLR}
}

@article{chen2021learning,
  title={Learning student networks via feature embedding},
  author={Chen, Hanting and Wang, Yunhe and Xu, Chang and Xu, Chao and Tao, Dacheng},
  journal={IEEE Transactions on Neural Networks and Learning Systems},
  volume={32},
  number={1},
  pages={25--35},
  year={2020},
  publisher={IEEE}
}

@inproceedings{zhao2021dataset,
  title={Dataset condensation with differentiable siamese augmentation},
  author={Zhao, Bo and Bilen, Hakan},
  booktitle={International Conference on Machine Learning},
  pages={12674--12685},
  year={2021},
  organization={PMLR}
}